<record xmlns="http://www.loc.gov/MARC21/slim" xmlns:xsi="http://www.w3.org/2001/XMLSchema-instance" xsi:schemaLocation="http://www.loc.gov/MARC21/slim http://www.loc.gov/standards/marcxml/schema/MARC21slim.xsd"><leader>01224nam a2200253   4500</leader><controlfield tag="001">001676621</controlfield><controlfield tag="003">NNU</controlfield><controlfield tag="006">m        d        </controlfield><controlfield tag="007">cr cn |||m|||a</controlfield><controlfield tag="008">140707s1899    le      o     000 0 ara d</controlfield><datafield ind1=" " ind2=" " tag="040"><subfield code="a">NNU</subfield><subfield code="b">eng</subfield><subfield code="c">NNU</subfield></datafield><datafield ind1="1" ind2=" " tag="100"><subfield code="a">Far&#7717;&#257;t, Jirm&#257;n&#363;s,</subfield><subfield code="d">1670 or 71-1732 or 3.</subfield></datafield><datafield ind1="1" ind2="0" tag="240"><subfield code="a">Ba&#7717;th al-ma&#7789;&#257;lib f&#299; &#699;ilm al-&#699;Arab&#299;yah</subfield></datafield><datafield ind1="1" ind2="0" tag="245"><subfield code="a">Kit&#257;b ba&#7717;th al-ma&#7789;&#257;lib f&#299; &#699;ilm al-&#699;Arab&#299;yah</subfield><subfield code="h">[electronic resource] /</subfield><subfield code="c">Jirm&#257;n&#363;s Far&#7717;at ; ma&#699;a &#7717;aw&#257;shin &#699;alayhi li-mu&#7779;a&#7717;&#7717;ihi Sa&#699;&#299;d al-Kh&#363;r&#299; al-Shart&#363;n&#299; al-Lubn&#257;n&#299;.</subfield></datafield><datafield ind1=" " ind2=" " tag="260"><subfield code="c">1899.</subfield></datafield><datafield ind1=" " ind2=" " tag="300"><subfield code="a">online resource (363 p.)</subfield></datafield><datafield ind1=" " ind2=" " tag="500"><subfield code="a">Part of the Arabic Collections Online (ACO) project, contributed by New York Univeristy Libraries.</subfield></datafield><datafield ind1=" " ind2=" " tag="533"><subfield code="a">Electronic reproduction.</subfield><subfield code="b">New York, N.Y. :</subfield><subfield code="c">New York University,</subfield><subfield code="d">2014.</subfield><subfield code="5">NNU</subfield></datafield><datafield ind1="1" ind2=" " tag="700"><subfield code="a">Shart&#363;n&#299;, Sa&#699;&#299;d al-Kh&#363;r&#299;,</subfield><subfield code="d">1849-1912.</subfield></datafield><datafield ind1="2" ind2=" " tag="710"><subfield code="a">New York University.</subfield><subfield code="b">Libraries.</subfield></datafield><datafield ind1="0" ind2=" " tag="730"><subfield code="a">Arabic Collections Online.</subfield></datafield><datafield ind1="0" ind2="8" tag="776"><subfield code="i">Print version:</subfield><subfield code="a">Far&#7717;&#257;t, Jirm&#257;n&#363;s, 1670 or 71-1732 or 3.</subfield><subfield code="t">Kit&#257;b ba&#7717;th al-ma&#7789;&#257;lib f&#299; &#699;ilm al-&#699;Arab&#299;yah</subfield><subfield code="w">(NNU)001676621</subfield></datafield><datafield ind1="4" ind2="0" tag="856"><subfield code="u">http://hdl.handle.net/2333.1/f1vhhp8t</subfield></datafield><datafield ind1=" " ind2=" " tag="959"><subfield code="a">NNU</subfield><subfield code="b">WEB</subfield><subfield code="c">GENI</subfield><subfield code="t">0</subfield><subfield code="m">Electronic access</subfield><subfield code="s">01</subfield></datafield></record>